<record xmlns="http://www.loc.gov/MARC21/slim" xmlns:xsi="http://www.w3.org/2001/XMLSchema-instance" xsi:schemaLocation="http://www.loc.gov/MARC21/slim http://www.loc.gov/standards/marcxml/schema/MARC21slim.xsd">

  <leader>00748nam a2200193Ia 4500</leader>
  <datafield ind1=" " tag="999" ind2=" ">
    <subfield code="c">871</subfield>
    <subfield code="d">871</subfield>
  </datafield>
  <controlfield tag="008">170519b2000    cr a|||| |||| 00| | spa d</controlfield>
  <datafield ind2=" " ind1=" " tag="020">
    <subfield code="a">9968793280</subfield>
  </datafield>
  <datafield tag="090" ind1=" " ind2=" ">
    <subfield code="a">04.02.01 </subfield>
    <subfield code="b">843 CD #60</subfield>
  </datafield>
  <datafield ind1="2" tag="110" ind2=" ">
    <subfield code="9">569</subfield>
    <subfield code="a">UNICEF</subfield>
  </datafield>
  <datafield ind2="0" ind1="1" tag="245">
    <subfield code="a">Estado de los derechos de la niñez y la adolescencia en Costa Rica /</subfield>
  </datafield>
  <datafield ind2=" " ind1=" " tag="260">
    <subfield code="a">San José, Costa Rica :</subfield>
    <subfield code="b">UNICEF,</subfield>
    <subfield code="c">2000-</subfield>
  </datafield>
  <datafield ind2=" " tag="300" ind1=" ">
    <subfield code="a">v.</subfield>
  </datafield>
  <datafield ind1=" " tag="500" ind2=" ">
    <subfield code="a">CD # 60 El centro posee los informes I (2000), II (2001), III (2002), IV (2004), V (2005), resumen ejecutivo 2005, VI (2008), VII (2011), resumen  2011 y resumen ejecutivo 2015 (VIII informe)</subfield>
  </datafield>
  <datafield ind2="4" tag="650" ind1="1">
    <subfield code="a">DERECHOS DEL NIÑO</subfield>
    <subfield code="9">570</subfield>
  </datafield>
  <datafield tag="650" ind1="1" ind2="4">
    <subfield code="9">5</subfield>
    <subfield code="a">ADOLESCENTES</subfield>
  </datafield>
  <datafield tag="650" ind1="1" ind2="4">
    <subfield code="a">BIENESTAR DE LA INFANCIA</subfield>
    <subfield code="9">1009</subfield>
  </datafield>
  <datafield tag="650" ind1="1" ind2="4">
    <subfield code="a">DATOS ESTADÍSTICOS</subfield>
    <subfield code="9">452</subfield>
  </datafield>
  <datafield ind1=" " tag="942" ind2=" ">
    <subfield code="2">z</subfield>
    <subfield code="c">01</subfield>
  </datafield>
</record>